<record><leader>00000cas a22000007a 4500</leader><controlfield tag="001">18865103</controlfield><controlfield tag="008">881209d19121914mouwr ne      0    0eng d</controlfield><datafield ind1=" " ind2=" " tag="010"><subfield code="a">sn 88068120 </subfield></datafield><datafield ind1=" " ind2=" " tag="040"><subfield code="a">MQN</subfield><subfield code="b">eng</subfield><subfield code="c">MQN</subfield><subfield code="d">OCLCQ</subfield></datafield><datafield ind1="0" ind2=" " tag="130"><subfield code="a">Anderson review (Anderson, Mo.)</subfield></datafield><datafield ind1="1" ind2="4" tag="245"><subfield code="a">The Anderson review.</subfield></datafield><datafield ind1=" " ind2=" " tag="260"><subfield code="a">Anderson, McDonald County, Mo. :</subfield><subfield code="b">Review Print. Co.</subfield></datafield><datafield ind1=" " ind2=" " tag="300"><subfield code="a">v.</subfield></datafield><datafield ind1=" " ind2=" " tag="310"><subfield code="a">Weekly</subfield></datafield><datafield ind1="1" ind2=" " tag="362"><subfield code="a">Began in 1912?</subfield></datafield><datafield ind1="0" ind2=" " tag="362"><subfield code="a">-v. 2, no. 20 (May 1, 1914).</subfield></datafield><datafield ind1=" " ind2=" " tag="588"><subfield code="a">Description based on: Vol. 2, no. 3 (Jan. 2, 1914).</subfield></datafield><datafield ind1=" " ind2="4" tag="651"><subfield code="a">Anderson (Mo.)</subfield><subfield code="v">Newspapers.</subfield></datafield><datafield ind1=" " ind2=" " tag="752"><subfield code="a">United States</subfield><subfield code="b">Missouri</subfield><subfield code="c">McDonald</subfield><subfield code="d">Anderson.</subfield></datafield><datafield ind1="0" ind2="7" tag="785"><subfield code="t">Anderson news (Anderson, Mo.)</subfield></datafield><datafield ind1="0" ind2="7" tag="785"><subfield code="t">Anderson news-review</subfield><subfield code="w">(DLC)sn 88068121</subfield></datafield></record>